<?xml version="1.0" encoding="UTF-8"?><collection xmlns="http://www.loc.gov/MARC21/slim"><record><leader>00518nam--2200169-u-4500</leader><controlfield tag="001">000054472</controlfield><controlfield tag="002">20161230</controlfield><controlfield tag="005">20161230201051</controlfield><controlfield tag="008">120109s1000------------r-----000-0-eng-d</controlfield><datafield ind1=" " ind2=" " tag="040"><subfield code="a">IFIN-HH</subfield></datafield><datafield ind1=" " ind2=" " tag="080"><subfield code="a">539.12:539.124.6.134(043)</subfield></datafield><datafield ind1="1" ind2=" " tag="100"><subfield code="a">Pijlgroms, Boudewijn Jan</subfield></datafield><datafield ind1="1" ind2="0" tag="245"><subfield code="a">Multiparticle production in pp annihilation reactions at 7.23 gev/c nd 12 gev/c</subfield><subfield code="b">These</subfield><subfield code="c">Boudewijn jan pijlgroms</subfield></datafield><datafield ind1=" " ind2=" " tag="260"><subfield code="a">Amsterdam</subfield><subfield code="b">Universitat</subfield><subfield code="c">1982</subfield></datafield><datafield ind1=" " ind2=" " tag="300"><subfield code="a">185P</subfield></datafield><datafield ind1=" " ind2=" " tag="852"><subfield code="a">71501</subfield><subfield code="c">539.12</subfield></datafield><datafield ind1=" " ind2=" " tag="CAT"><subfield code="a">Sys</subfield><subfield code="c">20120109</subfield><subfield code="h">161433</subfield></datafield></record></collection>